@inproceedings{10.1145/1555400.1555432,
  author = {Yang, Chenxing and Wei, Baogang and wu, Jiangqin and Zhang, Yin and Zhang, Liang},
  year   = {2009},
  month  = {01},
  pages  = {203-212},
  title  = {CARES: a ranking-oriented CADAL recommender system.},
  doi    = {10.1145/1555400.1555432}
}


@inproceedings{10.1145/2792838.2799675,
  author    = {Banks, Sam and Rafter, Rachael and Smyth, Barry},
  title     = {The Recommendation Game: Using a Game-with-a-Purpose to Generate Recommendation Data},
  year      = {2015},
  isbn      = {9781450336925},
  publisher = {Association for Computing Machinery},
  address   = {New York, NY, USA},
  url       = {https://doi.org/10.1145/2792838.2799675},
  doi       = {10.1145/2792838.2799675},
  booktitle = {Proceedings of the 9th ACM Conference on Recommender Systems},
  pages     = {305–308},
  numpages  = {4},
  keywords  = {crowdsourcing, human computation, games-with-a-purpose, recommender systems},
  location  = {Vienna, Austria},
  series    = {RecSys ’15}
}

@article{10.1145/2827872,
  author     = {Harper, F. Maxwell and Konstan, Joseph A.},
  title      = {The MovieLens Datasets: History and Context},
  year       = {2015},
  issue_date = {January 2016},
  publisher  = {Association for Computing Machinery},
  address    = {New York, NY, USA},
  volume     = {5},
  number     = {4},
  issn       = {2160-6455},
  url        = {https://doi.org/10.1145/2827872},
  doi        = {10.1145/2827872},
  journal    = {ACM Trans. Interact. Intell. Syst.},
  month      = dec,
  articleno  = {Article 19},
  numpages   = {19},
  keywords   = {MovieLens, Datasets, recommendations, ratings}
}



@article{10.1145/2926720,
  author     = {Kaminskas, Marius and Bridge, Derek},
  title      = {Diversity, Serendipity, Novelty, and Coverage: A Survey and Empirical Analysis of Beyond-Accuracy Objectives in Recommender Systems},
  year       = {2016},
  issue_date = {March 2017},
  publisher  = {Association for Computing Machinery},
  address    = {New York, NY, USA},
  volume     = {7},
  number     = {1},
  issn       = {2160-6455},
  url        = {https://doi.org/10.1145/2926720},
  doi        = {10.1145/2926720},
  journal    = {ACM Trans. Interact. Intell. Syst.},
  month      = dec,
  articleno  = {Article 2},
  numpages   = {42},
  keywords   = {beyond accuracy, serendipity, diversity, novelty, coverage, Evaluation metrics}
}


@inproceedings{10.1145/358916.358995,
  author    = {Herlocker, Jonathan L. and Konstan, Joseph A. and Riedl, John},
  title     = {Explaining Collaborative Filtering Recommendations},
  year      = {2000},
  isbn      = {1581132220},
  publisher = {Association for Computing Machinery},
  address   = {New York, NY, USA},
  url       = {https://doi.org/10.1145/358916.358995},
  doi       = {10.1145/358916.358995},
  booktitle = {Proceedings of the 2000 ACM Conference on Computer Supported Cooperative Work},
  pages     = {241–250},
  numpages  = {10},
  keywords  = {MoviesLens, recommender systems, collaborative filtering, GroupLens, explanations},
  location  = {Philadelphia, Pennsylvania, USA},
  series    = {CSCW ’00}
}


@misc{DecisionTreeImage,
  author       = {Derek Bridge},
  title        = {Decision Tree Example},
  url          = {http://www.cs.ucc.ie/~dgb/courses/ai2.html},
  date_visited = {14-04-2020}
}

@misc{FLASK:1,
  author = {Miguel Grinberg},
  title  = {flask mega tutorial},
  url    = {https://blog.miguelgrinberg.com/post/the-flask-mega-tutorial-part-i-hello-world}
}

@misc{Guardian/EthicalAI,
  author       = {Ian Sample},
  title        = {Computer says no: why making AIs fair, accountable and transparent is crucial},
  url          = {https://www.theguardian.com/science/2017/nov/05/computer-says-no-why-making-ais-fair-accountable-and-transparent-is-crucial},
  date_visited = {19-03-2020}
}

@misc{imdb,
  author       = {IMDB},
  title        = {IMDB},
  url          = {https://www.imdb.com},
  date_visited = {19-03-2020}
}



@misc{imdb/dataset,
  author       = {IMDB},
  title        = {IMDB},
  url          = {https://www.imdb.com/interfaces/},
  date_visited = {19-03-2020}
}


@misc{NeustarMovieMarketing,
  author       = {Neustar},
  title        = {Do Movie Marketing Budgets Need a Digital Reboot?},
  url          = {https://www.home.neustar/resources/whitepapers/do-movie-marketing-budgets-need-a-digital-reboot},
  date_visited = {10-04-2020}
}


@misc{NumberOfMoviesReleased,
  author       = {Amy Watson},
  title        = { Number of movies released in the United States and Canada from 2000 to 2019 },
  url          = {https://www.statista.com/statistics/187122/movie-releases-in-north-america-since-2001/},
  date_visited = {14-04-2020}
}

@misc{OpenMovieDatabase,
  author       = {Brian Fritz},
  title        = {The Open Movie Database},
  url          = {http://www.omdbapi.com/},
  date_visited = {19-03-2020}
}

@misc{PearsonCorrelationImage,
  author       = {DenisBoigelot},
  title        = {Correlation Examples},
  url          = {https://en.wikipedia.org/wiki/File:Correlation_examples2.svg},
  date_visited = {14-04-2020}
}

@misc{PlexTV,
  author       = {Plex Inc.},
  title        = {Plex Media Player},
  url          = {https://www.plex.tv/},
  date_visited = {14-04-2020}
}

@misc{pythonOmdbApi,
  author = {Derrick Gilland},
  title  = {Python module to access omdb API},
  url    = {https://github.com/dgilland/omdb.py}
}

@inproceedings{Rana-Bridge-2017,
  author    = {Arpit Rana and Derek Bridge},
  title     = {Explanation Chains: Recommendations by Explanation},
  booktitle = {Procs.\ of the Poster Track of the 11th ACM Conference on Recommender Systems},
  year      = {2017},
  editor    = {Domonkos Tikk and Pearl Pu},
  publisher = {CEUR Workshop Proceedings, vol-1905}
}


@inproceedings{Rana-Bridge-2018,
  author    = {Arpit Rana and Derek Bridge},
  title     = {Explanations that are Intrinsic to Recommendations},
  booktitle = {Procs.\ of the Twenty-Sixth Conference on User Modeling, Adaptation and Personalization},
  year      = {2018},
  pages     = {187--195},
  publisher = {ACM}
}

@misc{SixDegreesOfKevinBacon,
  author       = {Kevin Bacon},
  title        = {Six Degrees Of Kevin Bacon},
  url          = {https://www.sixdegrees.org/},
  date_visited = {14-04-2020}
}

@misc{SocialMediaAddiction,
  author         = {Kuss DJ, Griffiths MD. },
  title          = {Social Networking Sites and Addiction: Ten Lessons Learned. },
  publisher      = {Int J Environ Res Public Health. },
  date_published = {2017;14(3):311. },
  date_published = {Published 2017 Mar 17. },
  doi            = {doi:10.3390/ijerph14030311},
  date_visited   = {14-04-2020}
}



@misc{sqlalchemy,
  author       = {Mike Bayer},
  title        = {SQLAlchemy},
  url          = {https://www.sqlalchemy.org/},
  date_visited = {19-03-2020}
}


@misc{StackOverflowDevSurvey,
  author       = {Stack Overflow},
  title        = {StackOverflow Development Survery 2020},
  url          = {https://insights.stackoverflow.com/survey/2019#development-environments-and-tools},
  date_visited = {05-04-2020}
}


@misc{TraktTV,
  author       = {Trakt.tv},
  title        = {Trakt.tv},
  url          = {https://trakt.tv/},
  date_visited = {14-04-2020}
}


http://www.cs.ucc.ie/~dgb/courses/ai2/16_interpretability.pdf
https://en.wikipedia.org/wiki/Information_filtering_system
https://www.quora.com/What-is-the-difference-between-content-based-filtering-and-collaborative-filtering
https://papers.ssrn.com/sol3/papers.cfm?abstract_id=2972855
https://en.wikipedia.org/wiki/Explainable_artificial_intelligence#cite_note-guardian-1
https://arxiv.org/pdf/1804.11192.pdf
http://yongfeng.me/attach/efm-zhang.pdf



F. Maxwell Harper and Joseph A. Konstan. 2015. The MovieLens Datasets: History and Context. ACM Transactions on Interactive Intelligent Systems (TiiS) 5, 4: 19:1–19:19. https://doi.org/10.1145/2827872

# implementations:

https://pypi.org/project/pip/


https://towardsdatascience.com/build-your-own-recommendation-engine-netflix-demystified-demo-code-550401d4885e
https://help.netflix.com/en/node/100639


PEARSON:
https://www.spss-tutorials.com/pearson-correlation-coefficient/
https://en.wikipedia.org/wiki/Correlation_and_dependence
https://en.wikipedia.org/wiki/Correlation_coefficient
https://en.wikipedia.org/wiki/Pearson_correlation_coefficient

https://en.wikipedia.org/wiki/Flask_(web_framework)
https://towardsdatascience.com/building-a-movie-recommendation-engine-using-pandas-e0a105ed6762

https://grouplens.org/datasets/movielens/


"too lazy to provide ratings"

